<record><leader>00000cas a22000007a 4500</leader><controlfield tag="001">1752336</controlfield><controlfield tag="008">751101d18941927mnuwr ne      0    0eng d</controlfield><datafield ind1=" " ind2=" " tag="010"><subfield code="a">sn 91059046 </subfield></datafield><datafield ind1=" " ind2=" " tag="040"><subfield code="a">MUL</subfield><subfield code="b">eng</subfield><subfield code="c">MUL</subfield><subfield code="d">OCL</subfield><subfield code="d">MN#</subfield><subfield code="d">OCLCQ</subfield><subfield code="d">OCLCF</subfield><subfield code="d">OCLCO</subfield></datafield><datafield ind1="1" ind2=" " tag="029"><subfield code="a">AU@</subfield><subfield code="b">000025885557</subfield></datafield><datafield ind1=" " ind2=" " tag="042"><subfield code="a">msc</subfield></datafield><datafield ind1=" " ind2=" " tag="043"><subfield code="a">n-us-mn</subfield></datafield><datafield ind1=" " ind2=" " tag="052"><subfield code="a">4144</subfield><subfield code="b">H7</subfield></datafield><datafield ind1=" " ind2=" " tag="052"><subfield code="a">4143</subfield><subfield code="b">H6</subfield></datafield><datafield ind1="0" ind2="0" tag="245"><subfield code="a">Houston County chief.</subfield></datafield><datafield ind1=" " ind2=" " tag="260"><subfield code="a">Hokah, Minn. :</subfield><subfield code="b">H.L. Hohl,</subfield><subfield code="c">1894-1927.</subfield></datafield><datafield ind1=" " ind2=" " tag="300"><subfield code="a">v.</subfield></datafield><datafield ind1=" " ind2=" " tag="310"><subfield code="a">Weekly</subfield></datafield><datafield ind1="0" ind2=" " tag="362"><subfield code="a">Vol. 12 [i.e. 21], no. 4 (Jan. 18, 1894)-v. 36, no. 52 (Apr. 10, 1913) ; v. 58, no. 1 (Apr. 17, 1913)-v. 72, no. 4 (Apr. 21, 1927).</subfield></datafield><datafield ind1=" " ind2=" " tag="515"><subfield code="a">Numbering irregular.</subfield></datafield><datafield ind1=" " ind2=" " tag="530"><subfield code="a">Available on microfilm from the Minnesota Historical Society.</subfield></datafield><datafield ind1=" " ind2=" " tag="580"><subfield code="a">Issued with: Brownsville news, Nov. 4, 1920-Apr. 21, 1927.</subfield></datafield><datafield ind1=" " ind2="0" tag="651"><subfield code="a">Houston County (Minn.)</subfield><subfield code="v">Newspapers.</subfield></datafield><datafield ind1=" " ind2="7" tag="655"><subfield code="a">Newspapers.</subfield><subfield code="2">fast</subfield><subfield code="0">(OCoLC)fst01423814</subfield></datafield><datafield ind1=" " ind2="7" tag="651"><subfield code="a">Minnesota</subfield><subfield code="z">Houston County.</subfield><subfield code="2">fast</subfield><subfield code="0">(OCoLC)fst01214817</subfield></datafield><datafield ind1=" " ind2=" " tag="752"><subfield code="a">United States</subfield><subfield code="b">Minnesota</subfield><subfield code="c">Houston</subfield><subfield code="d">Hokah.</subfield></datafield><datafield ind1="1" ind2=" " tag="777"><subfield code="t">Brownsville news</subfield><subfield code="w">(DLC)sn 91059042</subfield></datafield><datafield ind1="0" ind2="0" tag="780"><subfield code="t">Hokah chief (Hokah, Minn. : 1857)</subfield><subfield code="w">(DLC)sn 84031602</subfield></datafield><datafield ind1="0" ind2="0" tag="785"><subfield code="t">Hokah chief (Hokah, Minn. : 1927)</subfield><subfield code="w">(DLC)sn 83025226</subfield></datafield></record>